<record><leader>00000cas a2200000 a 4500</leader><controlfield tag="001">11018294</controlfield><controlfield tag="008">840803u19uuuuuunyumn ne      0    0eng c</controlfield><datafield ind1=" " ind2=" " tag="010"><subfield code="a">sn2004060369</subfield></datafield><datafield ind1=" " ind2=" " tag="040"><subfield code="a">ZQP</subfield><subfield code="b">eng</subfield><subfield code="c">ZQP</subfield><subfield code="d">NYS</subfield><subfield code="d">OCLCQ</subfield><subfield code="d">OCLCO</subfield></datafield><datafield ind1="1" ind2=" " tag="029"><subfield code="a">AU@</subfield><subfield code="b">000025460028</subfield></datafield><datafield ind1=" " ind2=" " tag="042"><subfield code="a">pcc</subfield></datafield><datafield ind1=" " ind2=" " tag="043"><subfield code="a">n-us-ny</subfield></datafield><datafield ind1="2" ind2=" " tag="110"><subfield code="a">Forest Hills High School (Forest Hills, New York, N.Y.)</subfield></datafield><datafield ind1="1" ind2="0" tag="245"><subfield code="a">Forest Hills beacon.</subfield></datafield><datafield ind1=" " ind2=" " tag="260"><subfield code="a">Forest Hills, N.Y. :</subfield><subfield code="b">high school</subfield></datafield><datafield ind1=" " ind2=" " tag="310"><subfield code="a">Monthly Oct.-June</subfield></datafield><datafield ind1=" " ind2=" " tag="588"><subfield code="a">Description based on : vol. 10, no. 1 (Oct. 11, 1946).</subfield></datafield><datafield ind1=" " ind2=" " tag="588"><subfield code="a">Latest issue consulted : vol. 75, no. 1 (Oct. 26, 1979).</subfield></datafield><datafield ind1=" " ind2="0" tag="650"><subfield code="a">Student newspapers and periodicals</subfield><subfield code="z">New York (State)</subfield><subfield code="z">Forest Hills (New York, N.Y.)</subfield></datafield><datafield ind1=" " ind2="0" tag="651"><subfield code="a">Forest Hills (New York, N.Y.)</subfield><subfield code="v">Newspapers.</subfield></datafield><datafield ind1=" " ind2="0" tag="651"><subfield code="a">Queens (New York, N.Y.)</subfield><subfield code="v">Newspapers.</subfield></datafield><datafield ind1=" " ind2="0" tag="651"><subfield code="a">Queens County (N.Y.)</subfield><subfield code="v">Newspapers.</subfield></datafield><datafield ind1=" " ind2="0" tag="651"><subfield code="a">New York (N.Y.)</subfield><subfield code="v">Newspapers.</subfield></datafield><datafield ind1=" " ind2=" " tag="752"><subfield code="a">United States</subfield><subfield code="b">New York</subfield><subfield code="c">Queens</subfield><subfield code="d">Forest Hills (New York, N.Y.)</subfield></datafield><datafield ind1=" " ind2=" " tag="752"><subfield code="a">United States</subfield><subfield code="b">New York</subfield><subfield code="d">New York.</subfield></datafield></record>